<?xml version="1.0" encoding="UTF-8"?>
<record xmlns="http://www.loc.gov/MARC21/slim" xmlns:xsi="http://www.w3.org/2001/XMLSchema-instance" xsi:schemaLocation="http://www.loc.gov/MARC21/slim http://www.loc.gov/standards/marcxml/schema/MARC21slim.xsd">
<leader>     nam a2200313   4500</leader>
<controlfield tag="001">001700793</controlfield>
<controlfield tag="003">NNU</controlfield>
<controlfield tag="005">20010214211418.0</controlfield>
<controlfield tag="008">830607s1934    ae       b    000 0bara d</controlfield>
<datafield tag="010" ind1=" " ind2=" ">
<subfield code="a">72210957</subfield>
</datafield>
<datafield tag="035" ind1="9" ind2=" ">
<subfield code="a">NYUb12249378</subfield>
</datafield>
<datafield tag="035" ind1=" " ind2=" ">
<subfield code="a">(CU-SB)notisAKK1993</subfield>
</datafield>
<datafield tag="035" ind1=" " ind2=" ">
<subfield code="a">(OCoLC)09584521</subfield>
</datafield>
<datafield tag="035" ind1=" " ind2=" ">
<subfield code="a">(CStRLIN)CASXAKK1993-B</subfield>
</datafield>
<datafield tag="040" ind1=" " ind2=" ">
<subfield code="a">DLC</subfield>
<subfield code="c">WAU</subfield>
<subfield code="d">WAU</subfield>
</datafield>
<datafield tag="041" ind1="0" ind2=" ">
<subfield code="a">arafre</subfield>
</datafield>
<datafield tag="043" ind1=" " ind2=" ">
<subfield code="a">a-sy---</subfield>
</datafield>
<datafield tag="050" ind1="0" ind2=" ">
<subfield code="a">DS97</subfield>
<subfield code="b">.C35</subfield>
</datafield>
<datafield tag="100" ind1="1" ind2=" ">
<subfield code="a">Canard, Marius.</subfield>
</datafield>
<datafield tag="245" ind1="1" ind2="0">
<subfield code="a">Nukhab tārīkhīyah wa-adabīyah jāmiʻah li-akhbār al-Amīr Sayf al-Dawlah al-Ḥamdānī al-tuwuffī sanat 356 H.-967 M.</subfield>
<subfield code="c">Qad iʻtaná bi-iltiqāṭihā wa-sharaḥahā Mārius Kānār.</subfield>
</datafield>
<datafield tag="260" ind1=" " ind2=" ">
<subfield code="a">al-Jazāʼir</subfield>
<subfield code="b">[J. Carbonel]</subfield>
<subfield code="c">1934.</subfield>
</datafield>
<datafield tag="300" ind1=" " ind2=" ">
<subfield code="a">484 p.</subfield>
<subfield code="c">22 cm.</subfield>
</datafield>
<datafield tag="490" ind1="1" ind2=" ">
<subfield code="a">Khizānat al-kutub al-ʻArabīyah,</subfield>
<subfield code="v">al-juzʼ 8</subfield>
</datafield>
<datafield tag="500" ind1=" " ind2=" ">
<subfield code="a">Added t.p.: Sayf al Daula; recueil de textes relatifs à l'émir Sayf al Daula le Hamdanide avec annotations. Édité par Marius Canard.</subfield>
</datafield>
<datafield tag="504" ind1=" " ind2=" ">
<subfield code="a">Bibliography: p. 434-451.</subfield>
</datafield>
<datafield tag="600" ind1="1" ind2="0">
<subfield code="a">Sayf al-Dawlah al-Ḥamdānī, ʻAlī ibn ʻAbd Allāh,</subfield>
<subfield code="d">915 or 16-967.</subfield>
</datafield>
<datafield tag="830" ind1=" " ind2="0">
<subfield code="a">Maktabah al-ʻArabīyah (Cairo, Egypt) ;</subfield>
<subfield code="v">8.</subfield>
</datafield>
<datafield tag="OWN" ind1=" " ind2=" ">
<subfield code="a">GENERAL</subfield>
</datafield>
<datafield tag="950" ind1=" " ind2=" ">
<subfield code="l">BMAIN</subfield>
<subfield code="a">DS97</subfield>
<subfield code="b">.C35</subfield>
</datafield>
<datafield tag="955" ind1=" " ind2=" ">
<subfield code="l">BMAIN</subfield>
<subfield code="c">1</subfield>
<subfield code="r">007985008</subfield>
</datafield>
<datafield tag="998" ind1=" " ind2=" ">
<subfield code="s">9115</subfield>
</datafield>
<datafield tag="AVA" ind1=" " ind2=" ">
<subfield code="a">NYU50</subfield>
<subfield code="b">BOBST</subfield>
<subfield code="c">Main Collection</subfield>
<subfield code="d">DS97 .C35</subfield>
<subfield code="e">unavailable</subfield>
<subfield code="t">Unavailable</subfield>
<subfield code="f">1</subfield>
<subfield code="g">1</subfield>
<subfield code="h">N</subfield>
<subfield code="i">0</subfield>
<subfield code="j">MAIN</subfield>
<subfield code="k">0</subfield>
</datafield>
</record>
